@article{Phinney2012,
	author = {Nancy Phinney},
	journal = {Noticias},
	number = {1},
	publisher = {Santa Barbara Historical Museum},
	title = {Westmont College 75},
	eprint = {https://web.archive.org/web/20160328091141/www.santabarbaramuseum.com/noticias-article.pdf},
	url = {https://web.archive.org/web/20160328091141/www.santabarbaramuseum.com/noticias-article.pdf},
	volume = {LIV},
	year = {2012},
	note = {\url{https://web.archive.org/web/20160328091141/www.santabarbaramuseum.com/noticias-article.pdf}},
}






